<record><leader>00000cas a2200000 a 4500</leader><controlfield tag="001">11683273</controlfield><controlfield tag="008">850211d18951924caudr ne      0    0eng c</controlfield><datafield ind1=" " ind2=" " tag="010"><subfield code="a">sn 85040229 </subfield></datafield><datafield ind1=" " ind2=" " tag="040"><subfield code="a">NPV</subfield><subfield code="b">eng</subfield><subfield code="c">NPV</subfield><subfield code="d">NPA</subfield><subfield code="d">DLC</subfield><subfield code="d">YOX</subfield><subfield code="d">MGN</subfield><subfield code="d">CNK</subfield><subfield code="d">CVF</subfield><subfield code="d">KRTAS</subfield><subfield code="d">CUI</subfield><subfield code="d">CNK</subfield><subfield code="d">OCLCQ</subfield><subfield code="d">OCLCF</subfield><subfield code="d">NLM</subfield><subfield code="d">OCLCO</subfield><subfield code="d">OCLCQ</subfield><subfield code="d">OCLCO</subfield></datafield><datafield ind1="7" ind2=" " tag="016"><subfield code="a">22520160R</subfield><subfield code="2">DNLM</subfield></datafield><datafield ind1="7" ind2=" " tag="016"><subfield code="a">SR0020998</subfield><subfield code="2">DNLM</subfield></datafield><datafield ind1="1" ind2=" " tag="029"><subfield code="a">NLM</subfield><subfield code="b">22520160R</subfield></datafield><datafield ind1=" " ind2=" " tag="042"><subfield code="a">pcc</subfield></datafield><datafield ind1=" " ind2=" " tag="043"><subfield code="a">n-us-ca</subfield></datafield><datafield ind1="0" ind2="0" tag="050"><subfield code="a">Newspaper 7114-X</subfield></datafield><datafield ind1=" " ind2="4" tag="050"><subfield code="a">AN</subfield></datafield><datafield ind1="0" ind2="0" tag="060"><subfield code="a">W2 AC2.2</subfield><subfield code="b">S2D3b</subfield></datafield><datafield ind1="0" ind2=" " tag="130"><subfield code="a">Bulletin (San Francisco, Calif. : 1895)</subfield></datafield><datafield ind1="1" ind2="4" tag="245"><subfield code="a">The bulletin.</subfield></datafield><datafield ind1=" " ind2=" " tag="260"><subfield code="a">San Francisco [Calif.] :</subfield><subfield code="b">[R.A. Crothers],</subfield><subfield code="c">1895-1924.</subfield></datafield><datafield ind1=" " ind2=" " tag="300"><subfield code="a">volumes :</subfield><subfield code="b">illustrations ;</subfield><subfield code="c">55 cm</subfield></datafield><datafield ind1=" " ind2=" " tag="310"><subfield code="a">Daily</subfield></datafield><datafield ind1=" " ind2=" " tag="336"><subfield code="a">text</subfield><subfield code="b">txt</subfield><subfield code="2">rdacontent</subfield></datafield><datafield ind1=" " ind2=" " tag="337"><subfield code="a">unmediated</subfield><subfield code="b">n</subfield><subfield code="2">rdamedia</subfield></datafield><datafield ind1=" " ind2=" " tag="338"><subfield code="a">volume</subfield><subfield code="b">nc</subfield><subfield code="2">rdacarrier</subfield></datafield><datafield ind1="0" ind2=" " tag="362"><subfield code="a">Vol. 80, no. 37 (May 20, 1895)-v. 138, no. 65 (June 21, 1924) = 40th year-69th year.</subfield></datafield><datafield ind1=" " ind2=" " tag="530"><subfield code="a">Also issued on microfilm from Bell &amp; Howell, Micro Photo Div.; the University of California, Berkeley.</subfield></datafield><datafield ind1=" " ind2=" " tag="530"><subfield code="a">Master negatives are available for duplication from:</subfield><subfield code="b">California Newspaper Microfilm Archive;</subfield><subfield code="c">for further information consult the CNMA at:</subfield><subfield code="u">http://cbsr.ucr.edu</subfield></datafield><datafield ind1=" " ind2="0" tag="651"><subfield code="a">San Francisco (Calif.)</subfield><subfield code="v">Newspapers.</subfield></datafield><datafield ind1=" " ind2="7" tag="651"><subfield code="a">California</subfield><subfield code="z">San Francisco.</subfield><subfield code="2">fast</subfield><subfield code="0">(OCoLC)fst01204481</subfield></datafield><datafield ind1=" " ind2="2" tag="650"><subfield code="a">Public Health.</subfield><subfield code="0">https://id.nlm.nih.gov/mesh/D011634</subfield></datafield><datafield ind1=" " ind2="2" tag="650"><subfield code="a">Vital Statistics.</subfield><subfield code="0">https://id.nlm.nih.gov/mesh/D014798</subfield></datafield><datafield ind1=" " ind2="2" tag="651"><subfield code="a">California.</subfield><subfield code="0">https://id.nlm.nih.gov/mesh/D002140</subfield></datafield><datafield ind1=" " ind2="7" tag="655"><subfield code="a">Newspapers.</subfield><subfield code="2">fast</subfield><subfield code="0">(OCoLC)fst01423814</subfield></datafield><datafield ind1=" " ind2=" " tag="752"><subfield code="a">United States</subfield><subfield code="b">California</subfield><subfield code="c">San Francisco</subfield><subfield code="d">San Francisco.</subfield></datafield><datafield ind1="0" ind2="0" tag="780"><subfield code="t">Daily evening bulletin (San Francisco, Calif. : 1855)</subfield><subfield code="w">(DLC)sn 84025973</subfield><subfield code="w">(OCoLC)10860533</subfield></datafield><datafield ind1="0" ind2="7" tag="785"><subfield code="t">San Francisco journal and daily journal of commerce</subfield><subfield code="w">(DLC)sn 90051956</subfield><subfield code="w">(OCoLC)22724990</subfield></datafield><datafield ind1="0" ind2="7" tag="785"><subfield code="t">San Francisco bulletin and San Francisco journal and daily journal of commerce</subfield><subfield code="w">(DLC)sn 94052601</subfield><subfield code="w">(OCoLC)32048801</subfield></datafield><datafield ind1=" " ind2=" " tag="938"><subfield code="a">Kirtas Technologies, Inc.</subfield><subfield code="b">KRTS</subfield><subfield code="n">739008</subfield></datafield></record>